<?xml version='1.0' encoding='utf-8'?>
<record xmlns="http://www.loc.gov/MARC21/slim" xmlns:xsi="http://www.w3.org/2001/XMLSchema-instance">
  <leader>^^^^^nkdaa2200289^a^4500</leader>
  <controlfield tag="001">003932086</controlfield>
  <controlfield tag="005">20031009000000.0</controlfield>
  <controlfield tag="008">960105q18631865xxunnn|^^^^^^^^^^^kneng^d</controlfield>
  <datafield tag="035" ind1=" " ind2=" ">
    <subfield code="a">(OCoLC)ocm35062050</subfield>
  </datafield>
  <datafield tag="040" ind1=" " ind2=" ">
    <subfield code="a">MiU-H</subfield>
    <subfield code="c">MiU-H</subfield>
    <subfield code="e">gihc</subfield>
  </datafield>
  <datafield tag="100" ind1="1" ind2=" ">
    <subfield code="a">Hathaway, Arthur B.,</subfield>
    <subfield code="d">1840-1884.</subfield>
  </datafield>
  <datafield tag="245" ind1="0" ind2="0">
    <subfield code="a">Arthur B. Hathaway photograph.</subfield>
  </datafield>
  <datafield tag="260" ind1=" " ind2=" ">
    <subfield code="c">[between 1863 and 1865]</subfield>
  </datafield>
  <datafield tag="300" ind1=" " ind2=" ">
    <subfield code="a">1 photograph.</subfield>
  </datafield>
  <datafield tag="545" ind1=" " ind2=" ">
    <subfield code="a">Resident of Owosso, Mich., who served in the 9th Michigan Infantry during the Civil War; later lived in East Saginaw, Mich.</subfield>
  </datafield>
  <datafield tag="520" ind1=" " ind2=" ">
    <subfield code="a">Portrait in uniform.</subfield>
  </datafield>
  <datafield tag="500" ind1=" " ind2=" ">
    <subfield code="a">Donor: 7240</subfield>
  </datafield>
  <datafield tag="580" ind1=" " ind2=" ">
    <subfield code="a">Forms part of Hathaway, Arthur B. Arthur B. Hathaway papers, 1863-1881.</subfield>
  </datafield>
  <datafield tag="530" ind1=" " ind2=" ">
    <subfield code="a">Microfilm copy available.</subfield>
  </datafield>
  <datafield tag="600" ind1="1" ind2="0">
    <subfield code="a">Hathaway, Arthur B.,</subfield>
    <subfield code="d">1840-1884.</subfield>
  </datafield>
  <datafield tag="650" ind1=" " ind2="7">
    <subfield code="a">Soldiers</subfield>
    <subfield code="z">Michigan</subfield>
    <subfield code="z">Owosso.</subfield>
    <subfield code="2">lctgm</subfield>
  </datafield>
  <datafield tag="610" ind1="1" ind2="0">
    <subfield code="a">United States.</subfield>
    <subfield code="b">Army.</subfield>
    <subfield code="b">Michigan Infantry Regiment, 9th (1861-1865)</subfield>
  </datafield>
  <datafield tag="655" ind1=" " ind2="7">
    <subfield code="a">Photographs.</subfield>
    <subfield code="2">aat</subfield>
  </datafield>
  <datafield tag="852" ind1="8" ind2=" ">
    <subfield code="a">MiU-H</subfield>
    <subfield code="b">BENT</subfield>
    <subfield code="c">SF</subfield>
    <subfield code="h">95110 Aa 1 Vault</subfield>
  </datafield>
  <datafield tag="998" ind1=" " ind2=" ">
    <subfield code="c">LAC</subfield>
  </datafield>
  <datafield tag="955" ind1=" " ind2=" ">
    <subfield code="b">BENT</subfield>
    <subfield code="c">SF</subfield>
    <subfield code="p">B1679830</subfield>
  </datafield>
</record>
